%YAML 1.1
%TAG !u! tag:unity3d.com,2011:
--- !u!1 &1476722704293645793
GameObject:
  m_ObjectHideFlags: 0
  m_CorrespondingSourceObject: {fileID: 0}
  m_PrefabInstance: {fileID: 0}
  m_PrefabAsset: {fileID: 0}
  serializedVersion: 6
  m_Component:
  - component: {fileID: 4157609486610410173}
  - component: {fileID: 6512006645304127909}
  m_Layer: 0
  m_Name: PackageSpawnpoint
  m_TagString: Untagged
  m_Icon: {fileID: 0}
  m_NavMeshLayer: 0
  m_StaticEditorFlags: 0
  m_IsActive: 1
--- !u!4 &4157609486610410173
Transform:
  m_ObjectHideFlags: 0
  m_CorrespondingSourceObject: {fileID: 0}
  m_PrefabInstance: {fileID: 0}
  m_PrefabAsset: {fileID: 0}
  m_GameObject: {fileID: 1476722704293645793}
  m_LocalRotation: {x: 0, y: 0, z: 0, w: 1}
  m_LocalPosition: {x: 0, y: 0.125, z: -0.75}
  m_LocalScale: {x: 1, y: 1, z: 1}
  m_Children: []
  m_Father: {fileID: 3663918793232592131}
  m_RootOrder: 1
  m_LocalEulerAnglesHint: {x: 0, y: 0, z: 0}
--- !u!114 &6512006645304127909
MonoBehaviour:
  m_ObjectHideFlags: 0
  m_CorrespondingSourceObject: {fileID: 0}
  m_PrefabInstance: {fileID: 0}
  m_PrefabAsset: {fileID: 0}
  m_GameObject: {fileID: 1476722704293645793}
  m_Enabled: 1
  m_EditorHideFlags: 0
  m_Script: {fileID: 11500000, guid: da6b30499dfa61e4fab41e6edfd33e52, type: 3}
  m_Name: 
  m_EditorClassIdentifier: 
  spawnAsActive: 1
  useObjectPool: 0
  isObjectPoolManaged: 1
  spawnDelay: 0
  postSpawnDelay: 0
  OnSpawn:
    m_PersistentCalls:
      m_Calls: []
  OnPostSpawn:
    m_PersistentCalls:
      m_Calls: []
--- !u!1 &3663918793232592381
GameObject:
  m_ObjectHideFlags: 0
  m_CorrespondingSourceObject: {fileID: 0}
  m_PrefabInstance: {fileID: 0}
  m_PrefabAsset: {fileID: 0}
  serializedVersion: 6
  m_Component:
  - component: {fileID: 3663918793232592131}
  - component: {fileID: 3663918793232592380}
  - component: {fileID: 3663918793232592130}
  m_Layer: 0
  m_Name: Mailbox
  m_TagString: Untagged
  m_Icon: {fileID: 0}
  m_NavMeshLayer: 0
  m_StaticEditorFlags: 0
  m_IsActive: 1
--- !u!4 &3663918793232592131
Transform:
  m_ObjectHideFlags: 0
  m_CorrespondingSourceObject: {fileID: 0}
  m_PrefabInstance: {fileID: 0}
  m_PrefabAsset: {fileID: 0}
  m_GameObject: {fileID: 3663918793232592381}
  m_LocalRotation: {x: 0, y: 0, z: 0, w: 1}
  m_LocalPosition: {x: 0, y: 0, z: 4.21}
  m_LocalScale: {x: 1, y: 1, z: 1}
  m_Children:
  - {fileID: 6129962705512994385}
  - {fileID: 4157609486610410173}
  m_Father: {fileID: 0}
  m_RootOrder: 0
  m_LocalEulerAnglesHint: {x: 0, y: 0, z: 0}
--- !u!65 &3663918793232592380
BoxCollider:
  m_ObjectHideFlags: 0
  m_CorrespondingSourceObject: {fileID: 0}
  m_PrefabInstance: {fileID: 0}
  m_PrefabAsset: {fileID: 0}
  m_GameObject: {fileID: 3663918793232592381}
  m_Material: {fileID: 0}
  m_IsTrigger: 0
  m_Enabled: 1
  serializedVersion: 2
  m_Size: {x: 0.9393941, y: 2.701465, z: 2.2175667}
  m_Center: {x: -0.0046744347, y: 1.0819544, z: -0.27032626}
--- !u!114 &3663918793232592130
MonoBehaviour:
  m_ObjectHideFlags: 0
  m_CorrespondingSourceObject: {fileID: 0}
  m_PrefabInstance: {fileID: 0}
  m_PrefabAsset: {fileID: 0}
  m_GameObject: {fileID: 3663918793232592381}
  m_Enabled: 1
  m_EditorHideFlags: 0
  m_Script: {fileID: 11500000, guid: 45ab773734bb55347bb9bc6d090cb65b, type: 3}
  m_Name: 
  m_EditorClassIdentifier: 
  isAvailable: 1
  OnDeliveryMade:
    m_PersistentCalls:
      m_Calls:
      - m_Target: {fileID: 6512006645304127909}
        m_TargetAssemblyTypeName: MattRGeorge.Unity.Utilities.Components.SpawnObjectNode,
          MattRGeorge.MattRGeorge.Runtime
        m_MethodName: SpawnObj
        m_Mode: 2
        m_Arguments:
          m_ObjectArgument: {fileID: 6751990773945014034, guid: eeb295ba05f719342829481804f6ec05,
            type: 3}
          m_ObjectArgumentAssemblyTypeName: UnityEngine.GameObject, UnityEngine
          m_IntArgument: 0
          m_FloatArgument: 0
          m_StringArgument: 
          m_BoolArgument: 0
        m_CallState: 2
      - m_Target: {fileID: 5053945466055713776}
        m_TargetAssemblyTypeName: Assets.Scripts.SetAnimatorBool, Assembly-CSharp
        m_MethodName: SetBool
        m_Mode: 6
        m_Arguments:
          m_ObjectArgument: {fileID: 0}
          m_ObjectArgumentAssemblyTypeName: UnityEngine.Object, UnityEngine
          m_IntArgument: 0
          m_FloatArgument: 0
          m_StringArgument: MakeAvailable
          m_BoolArgument: 0
        m_CallState: 2
      - m_Target: {fileID: 803564854613444449}
        m_TargetAssemblyTypeName: Assets.Scripts.SetAnimatorBool, Assembly-CSharp
        m_MethodName: SetBool
        m_Mode: 6
        m_Arguments:
          m_ObjectArgument: {fileID: 0}
          m_ObjectArgumentAssemblyTypeName: UnityEngine.Object, UnityEngine
          m_IntArgument: 0
          m_FloatArgument: 0
          m_StringArgument: 
          m_BoolArgument: 0
        m_CallState: 2
  OnAvailabilityUpdated:
    m_PersistentCalls:
      m_Calls: []
--- !u!95 &3566839823350247140
Animator:
  serializedVersion: 3
  m_ObjectHideFlags: 0
  m_CorrespondingSourceObject: {fileID: 0}
  m_PrefabInstance: {fileID: 0}
  m_PrefabAsset: {fileID: 0}
  m_GameObject: {fileID: 5627576951861861903}
  m_Enabled: 1
  m_Avatar: {fileID: 0}
  m_Controller: {fileID: 9100000, guid: 4315431955338ce4693267bdf24a3ac6, type: 2}
  m_CullingMode: 0
  m_UpdateMode: 0
  m_ApplyRootMotion: 0
  m_LinearVelocityBlending: 0
  m_WarningMessage: 
  m_HasTransformHierarchy: 1
  m_AllowConstantClipSamplingOptimization: 1
  m_KeepAnimatorControllerStateOnDisable: 0
--- !u!114 &5053945466055713776
MonoBehaviour:
  m_ObjectHideFlags: 0
  m_CorrespondingSourceObject: {fileID: 0}
  m_PrefabInstance: {fileID: 0}
  m_PrefabAsset: {fileID: 0}
  m_GameObject: {fileID: 5627576951861861903}
  m_Enabled: 1
  m_EditorHideFlags: 0
  m_Script: {fileID: 11500000, guid: 61a44aa5d05edae4cafd86106014c9c3, type: 3}
  m_Name: 
  m_EditorClassIdentifier: 
  animator: {fileID: 3566839823350247140}
  boolName: isAvailable
--- !u!95 &3461835844554364900
Animator:
  serializedVersion: 3
  m_ObjectHideFlags: 0
  m_CorrespondingSourceObject: {fileID: 0}
  m_PrefabInstance: {fileID: 0}
  m_PrefabAsset: {fileID: 0}
  m_GameObject: {fileID: 6798694046443162859}
  m_Enabled: 1
  m_Avatar: {fileID: 0}
  m_Controller: {fileID: 9100000, guid: d7a9fcea9c5597b4e8d9f86668641f43, type: 2}
  m_CullingMode: 0
  m_UpdateMode: 0
  m_ApplyRootMotion: 0
  m_LinearVelocityBlending: 0
  m_WarningMessage: 
  m_HasTransformHierarchy: 1
  m_AllowConstantClipSamplingOptimization: 1
  m_KeepAnimatorControllerStateOnDisable: 0
--- !u!114 &803564854613444449
MonoBehaviour:
  m_ObjectHideFlags: 0
  m_CorrespondingSourceObject: {fileID: 0}
  m_PrefabInstance: {fileID: 0}
  m_PrefabAsset: {fileID: 0}
  m_GameObject: {fileID: 6798694046443162859}
  m_Enabled: 1
  m_EditorHideFlags: 0
  m_Script: {fileID: 11500000, guid: 61a44aa5d05edae4cafd86106014c9c3, type: 3}
  m_Name: 
  m_EditorClassIdentifier: 
  animator: {fileID: 3461835844554364900}
  boolName: mouthOpen
--- !u!1001 &5951711310210396602
PrefabInstance:
  m_ObjectHideFlags: 0
  serializedVersion: 2
  m_Modification:
    m_TransformParent: {fileID: 3663918793232592131}
    m_Modifications:
    - target: {fileID: -8679921383154817045, guid: de41d0a8c7e5e6045a44cd2400da97b0,
        type: 3}
      propertyPath: m_RootOrder
      value: 0
      objectReference: {fileID: 0}
    - target: {fileID: -8679921383154817045, guid: de41d0a8c7e5e6045a44cd2400da97b0,
        type: 3}
      propertyPath: m_LocalPosition.x
      value: 0
      objectReference: {fileID: 0}
    - target: {fileID: -8679921383154817045, guid: de41d0a8c7e5e6045a44cd2400da97b0,
        type: 3}
      propertyPath: m_LocalPosition.y
      value: 0
      objectReference: {fileID: 0}
    - target: {fileID: -8679921383154817045, guid: de41d0a8c7e5e6045a44cd2400da97b0,
        type: 3}
      propertyPath: m_LocalPosition.z
      value: 0
      objectReference: {fileID: 0}
    - target: {fileID: -8679921383154817045, guid: de41d0a8c7e5e6045a44cd2400da97b0,
        type: 3}
      propertyPath: m_LocalRotation.w
      value: 1
      objectReference: {fileID: 0}
    - target: {fileID: -8679921383154817045, guid: de41d0a8c7e5e6045a44cd2400da97b0,
        type: 3}
      propertyPath: m_LocalRotation.x
      value: 0
      objectReference: {fileID: 0}
    - target: {fileID: -8679921383154817045, guid: de41d0a8c7e5e6045a44cd2400da97b0,
        type: 3}
      propertyPath: m_LocalRotation.y
      value: 0
      objectReference: {fileID: 0}
    - target: {fileID: -8679921383154817045, guid: de41d0a8c7e5e6045a44cd2400da97b0,
        type: 3}
      propertyPath: m_LocalRotation.z
      value: 0
      objectReference: {fileID: 0}
    - target: {fileID: -8679921383154817045, guid: de41d0a8c7e5e6045a44cd2400da97b0,
        type: 3}
      propertyPath: m_LocalEulerAnglesHint.x
      value: 0
      objectReference: {fileID: 0}
    - target: {fileID: -8679921383154817045, guid: de41d0a8c7e5e6045a44cd2400da97b0,
        type: 3}
      propertyPath: m_LocalEulerAnglesHint.y
      value: 0
      objectReference: {fileID: 0}
    - target: {fileID: -8679921383154817045, guid: de41d0a8c7e5e6045a44cd2400da97b0,
        type: 3}
      propertyPath: m_LocalEulerAnglesHint.z
      value: 0
      objectReference: {fileID: 0}
    - target: {fileID: -7674925983997022590, guid: de41d0a8c7e5e6045a44cd2400da97b0,
        type: 3}
      propertyPath: m_Materials.Array.data[0]
      value: 
      objectReference: {fileID: 2100000, guid: ab572ab99f10d3a4a80811a80784299a, type: 2}
    - target: {fileID: -3873056781257734021, guid: de41d0a8c7e5e6045a44cd2400da97b0,
        type: 3}
      propertyPath: m_Materials.Array.data[0]
      value: 
      objectReference: {fileID: 2100000, guid: ab572ab99f10d3a4a80811a80784299a, type: 2}
    - target: {fileID: -3124206795885521740, guid: de41d0a8c7e5e6045a44cd2400da97b0,
        type: 3}
      propertyPath: m_LocalRotation.w
      value: 0.70710605
      objectReference: {fileID: 0}
    - target: {fileID: -3124206795885521740, guid: de41d0a8c7e5e6045a44cd2400da97b0,
        type: 3}
      propertyPath: m_LocalRotation.x
      value: -0.70710754
      objectReference: {fileID: 0}
    - target: {fileID: -3124206795885521740, guid: de41d0a8c7e5e6045a44cd2400da97b0,
        type: 3}
      propertyPath: m_LocalRotation.y
      value: -0
      objectReference: {fileID: 0}
    - target: {fileID: -3124206795885521740, guid: de41d0a8c7e5e6045a44cd2400da97b0,
        type: 3}
      propertyPath: m_LocalEulerAnglesHint.x
      value: -90
      objectReference: {fileID: 0}
    - target: {fileID: 919132149155446097, guid: de41d0a8c7e5e6045a44cd2400da97b0,
        type: 3}
      propertyPath: m_Name
      value: Mailbox final
      objectReference: {fileID: 0}
    - target: {fileID: 973738616201991206, guid: de41d0a8c7e5e6045a44cd2400da97b0,
        type: 3}
      propertyPath: m_Materials.Array.data[0]
      value: 
      objectReference: {fileID: 2100000, guid: ab572ab99f10d3a4a80811a80784299a, type: 2}
    - target: {fileID: 974064969494194442, guid: de41d0a8c7e5e6045a44cd2400da97b0,
        type: 3}
      propertyPath: m_LocalRotation.w
      value: 0.7071068
      objectReference: {fileID: 0}
    - target: {fileID: 974064969494194442, guid: de41d0a8c7e5e6045a44cd2400da97b0,
        type: 3}
      propertyPath: m_LocalRotation.x
      value: -0.7071068
      objectReference: {fileID: 0}
    - target: {fileID: 974064969494194442, guid: de41d0a8c7e5e6045a44cd2400da97b0,
        type: 3}
      propertyPath: m_LocalRotation.y
      value: 0
      objectReference: {fileID: 0}
    - target: {fileID: 974064969494194442, guid: de41d0a8c7e5e6045a44cd2400da97b0,
        type: 3}
      propertyPath: m_LocalRotation.z
      value: 0
      objectReference: {fileID: 0}
    - target: {fileID: 974064969494194442, guid: de41d0a8c7e5e6045a44cd2400da97b0,
        type: 3}
      propertyPath: m_LocalEulerAnglesHint.x
      value: -90
      objectReference: {fileID: 0}
    - target: {fileID: 3227045025355712647, guid: de41d0a8c7e5e6045a44cd2400da97b0,
        type: 3}
      propertyPath: m_LocalRotation.w
      value: 0.7071068
      objectReference: {fileID: 0}
    - target: {fileID: 3227045025355712647, guid: de41d0a8c7e5e6045a44cd2400da97b0,
        type: 3}
      propertyPath: m_LocalRotation.x
      value: -0.7071068
      objectReference: {fileID: 0}
    - target: {fileID: 3227045025355712647, guid: de41d0a8c7e5e6045a44cd2400da97b0,
        type: 3}
      propertyPath: m_LocalRotation.y
      value: -0
      objectReference: {fileID: 0}
    - target: {fileID: 3227045025355712647, guid: de41d0a8c7e5e6045a44cd2400da97b0,
        type: 3}
      propertyPath: m_LocalEulerAnglesHint.x
      value: -90
      objectReference: {fileID: 0}
    - target: {fileID: 8611087041033107450, guid: de41d0a8c7e5e6045a44cd2400da97b0,
        type: 3}
      propertyPath: m_Materials.Array.data[0]
      value: 
      objectReference: {fileID: 2100000, guid: ab572ab99f10d3a4a80811a80784299a, type: 2}
    m_RemovedComponents: []
  m_SourcePrefab: {fileID: 100100000, guid: de41d0a8c7e5e6045a44cd2400da97b0, type: 3}
--- !u!1 &6798694046443162859 stripped
GameObject:
  m_CorrespondingSourceObject: {fileID: 919132149155446097, guid: de41d0a8c7e5e6045a44cd2400da97b0,
    type: 3}
  m_PrefabInstance: {fileID: 5951711310210396602}
  m_PrefabAsset: {fileID: 0}
--- !u!4 &6129962705512994385 stripped
Transform:
  m_CorrespondingSourceObject: {fileID: -8679921383154817045, guid: de41d0a8c7e5e6045a44cd2400da97b0,
    type: 3}
  m_PrefabInstance: {fileID: 5951711310210396602}
  m_PrefabAsset: {fileID: 0}
--- !u!1 &5627576951861861903 stripped
GameObject:
  m_CorrespondingSourceObject: {fileID: 2054084038727380917, guid: de41d0a8c7e5e6045a44cd2400da97b0,
    type: 3}
  m_PrefabInstance: {fileID: 5951711310210396602}
  m_PrefabAsset: {fileID: 0}
